@Manual{raf,
	title = {Introduction to Data Science},
	OPTkey = {key},
	author = {Rafael A. Irizarry},
	organization = {HarvardX},
	address = { https://rafalab.github.io/dsbook/},
	OPTedition = {edition},
	OPTmonth = {month},
	OPTyear = {year},
	OPTnote = {note},
	annote = {Creative Commons Attribution-NonCommercial-ShareAlike 4.0 International (CC BY-NC-SA 4.0)},
}

@inproceedings{Hahsler2011recom,
	title={recommenderlab : A Framework for Developing and Testing Recommendation Algorithms},
	author={Michael Hahsler},
	year={2011},
	url={https://api.semanticscholar.org/CorpusID:9405286}
}

@article{JMLR,
	author  = {Wei-Sheng Chin and Bo-Wen Yuan and Meng-Yuan Yang and Yong Zhuang and Yu-Chin Juan and Chih-Jen Lin},
	title   = {LIBMF: A Library for Parallel Matrix Factorization in Shared-memory Systems},
	journal = {Journal of Machine Learning Research},
	year    = {2016},
	volume  = {17},
	number  = {86},
	pages   = {1--5},
	url     = {http://jmlr.org/papers/v17/15-471.html}
}

